<?xml version="1.0" encoding="UTF-8"?>
<zs:searchRetrieveResponse xmlns:zs="http://www.loc.gov/zing/srw/">
    <zs:version>1.2</zs:version>
    <zs:numberOfRecords>1</zs:numberOfRecords>
    <zs:records>
        <zs:record>
            <zs:recordPosition>1</zs:recordPosition>
            <zs:recordSchema>marcxml</zs:recordSchema>
            <zs:recordPacking>xml</zs:recordPacking>
            <zs:recordData>
                <record xmlns="http://www.loc.gov/MARC21/slim">
                    <leader>00000nab a2200000uu 4500</leader>
                    <controlfield tag="001">2811962947</controlfield>
                    <controlfield tag="003">UK-CbPIL</controlfield>
                    <datafield tag="022" ind1=" " ind2=" ">
                        <subfield code="a">0164-0178</subfield>
                    </datafield>
                    <datafield tag="022" ind1=" " ind2=" ">
                        <subfield code="a">1086-3141</subfield>
                    </datafield>
                    <datafield tag="022" ind1=" " ind2=" ">
                        <subfield code="a">0146-5511</subfield>
                    </datafield>
                    <datafield tag="022" ind1=" " ind2=" ">
                        <subfield code="a">0002-9068</subfield>
                    </datafield>
                    <datafield tag="024" ind1="7" ind2=" ">
                        <subfield code="a">10.1353/ajh.2021.0054</subfield>
                        <subfield code="2">doi</subfield>
                    </datafield>
                    <datafield tag="035" ind1=" " ind2=" ">
                        <subfield code="a">2811962947</subfield>
                    </datafield>
                    <datafield tag="045" ind1="2" ind2=" ">
                        <subfield code="b">d20211001</subfield>
                        <subfield code="b">d20211031</subfield>
                    </datafield>
                    <datafield tag="084" ind1=" " ind2=" ">
                        <subfield code="a">12342</subfield>
                        <subfield code="2">nlm</subfield>
                    </datafield>
                    <datafield tag="100" ind1="1" ind2=" ">
                        <subfield code="a">Eichler-Levine, Jodi</subfield>
                    </datafield>
                    <datafield tag="245" ind1="1" ind2=" ">
                        <subfield code="a">&lt;i&gt;Jewish Identity in American Art: A Golden Age since the 1970s&lt;/i&gt; by Matthew Baigell (review)</subfield>
                    </datafield>
                    <datafield tag="260" ind1=" " ind2=" ">
                        <subfield code="b">Johns Hopkins University Press</subfield>
                        <subfield code="c">Oct 2021</subfield>
                    </datafield>
                    <datafield tag="513" ind1=" " ind2=" ">
                        <subfield code="a">Book Review</subfield>
                    </datafield>
                    <datafield tag="520" ind1="3" ind2=" ">
                        <subfield code="a">Jewish Identity in American Art is strongest when its author deploys close readings of the images at hand, often interspersed with artist statements and quotes from interviews.

The book would be helpful both for teaching recent Jewish art history and as an introduction for readers who are unfamiliar with the scope of the field.

Jodi Eichler-Levine Jodi Eichler-Levine is Berman Professor of Religion Studies and Associate Professor of Religion Studies at Lehigh University.</subfield>
                    </datafield>
                    <datafield tag="653" ind1=" " ind2=" ">
                        <subfield code="a">Religion</subfield>
                    </datafield>
                    <datafield tag="653" ind1=" " ind2=" ">
                        <subfield code="a">Judaism</subfield>
                    </datafield>
                    <datafield tag="653" ind1=" " ind2=" ">
                        <subfield code="a">Jewish art</subfield>
                    </datafield>
                    <datafield tag="653" ind1=" " ind2=" ">
                        <subfield code="a">Visual artists</subfield>
                    </datafield>
                    <datafield tag="653" ind1=" " ind2=" ">
                        <subfield code="a">Art history</subfield>
                    </datafield>
                    <datafield tag="653" ind1=" " ind2=" ">
                        <subfield code="a">Women</subfield>
                    </datafield>
                    <datafield tag="653" ind1=" " ind2=" ">
                        <subfield code="a">Art</subfield>
                    </datafield>
                    <datafield tag="653" ind1=" " ind2=" ">
                        <subfield code="a">Books</subfield>
                    </datafield>
                    <datafield tag="653" ind1=" " ind2=" ">
                        <subfield code="a">Painting</subfield>
                    </datafield>
                    <datafield tag="773" ind1="0" ind2=" ">
                        <subfield code="t">American Jewish History</subfield>
                        <subfield code="g">vol. 105, no. 4 (Oct 2021), p. 570</subfield>
                    </datafield>
                    <datafield tag="786" ind1="0" ind2=" ">
                        <subfield code="d">ProQuest</subfield>
                        <subfield code="t">Religion Database</subfield>
                    </datafield>
                    <datafield tag="856" ind1="4" ind2="1">
                        <subfield code="3">Citation/Abstract</subfield>
                        <subfield code="u">https://www.proquest.com/docview/2811962947/abstract/embedded/UHA0DUZFOHJEPDBM?source=fedsrch</subfield>
                    </datafield>
                    <datafield tag="856" ind1="4" ind2="0">
                        <subfield code="3">Full Text</subfield>
                        <subfield code="u">https://www.proquest.com/docview/2811962947/fulltext/embedded/UHA0DUZFOHJEPDBM?source=fedsrch</subfield>
                    </datafield>
                    <datafield tag="856" ind1="4" ind2="0">
                        <subfield code="3">Full Text - PDF</subfield>
                        <subfield code="u">https://www.proquest.com/docview/2811962947/fulltextPDF/embedded/UHA0DUZFOHJEPDBM?source=fedsrch</subfield>
                    </datafield>
                </record>
            </zs:recordData>
        </zs:record>
    </zs:records>
    <zs:extraResponseData>
        <diagnosticMessage>Original CQL query: rec.identifier="2811962947"</diagnosticMessage>
        <diagnosticMessage>Converted to ProQuest query: AN(2811962947)</diagnosticMessage>
        <diagnosticMessage>ProQuest limiters: None</diagnosticMessage>
        <diagnosticMessage>Navigators: database</diagnosticMessage>
        <diagnosticMessage>Sort order: relevance</diagnosticMessage>
        <diagnosticMessage>Databases searched by this request are: 20drama:1008836 abidateline:1007139 abiglobal:1000001 abitrade:1007133 accountingtaxbanking:10000231 africannews:1007059 agriculturejournals:1007160 americanperiodicals:10000019 anz:1009046 anznews:1007061 artshumanities:1000277 asianeuropeanbusiness:10000236 asianews:1007060 assia:1007429 avon:1009174 aws:1008818 biologicalscijournals:1007856 britishperiodicals:10000001 canadiannews:1007330 career:10000026 cbcacomplete:10000023 cbs60m:1009241 chicagotribune:1005635 compscijour:1008043 conteurope:1009048 coronavirus:1009903 criminaljusticeperiodicals:1007025 eaasdb:1009715 eas:1010553 eastcentraleurope:1009050 eastsouthasia:1009049 ebookcentral1:1009388 education:1007161 eebo:1009636 engindex:10000353 engineeringjournals:1007853 eric:1007399 esdb:1009714 europeannews:1007062 familyhealth:1006520 globalwires:1009054 healthcompleteshell:10000155 healthmanagement:1006481 hightechjournals:1007852 hispanicnews:1009047 hnpnewyorktimes:1007155 hnppennsylvaniacollection:1009887 hnpphiladelphiainquirer:1009157 hnppittsburghpostgazette:1009159 ibss:1007409 indianjournals:10000204 latimes:1005692 latinamericaiberian:1009056 latinamericanews1:1009057 latx:1010284 libraryscience:1006545 linguistics:1009059 lisa:1007519 litcollectioneawso:1009776 litcollectionlittheory:1010514 llba:1007521 marketresearch:10000239 materialsscijournals:1007851 medline:1007527 middleeastafrica:1009060 middleeastnews:1006075 midwestnews1:1009067 military:1007156 msindex:10000352 nahs:1007107 ncjrs:1007535 northcentralnews:1009065 northeastnews1:1009068 nytimes:1005701 pais:10000017 physicaleducation:1007555 pilots:1007557 policyfile:1009062 politicalscience:1005684 pqdtglobal1:1010268 pqdtlocal1006887:1006887 pqrl:10000025 psychology:1007106 publiccontent:1009240 publichealth:1007617 religion:1005641 rsa:1010010 sciencejournals:1000283 socabs:1007480 socialservices:1007485 sociology:1005683 socscijournals:1007200 southcentralnews:1009066 southeastnews:1009069 tdmstudiounl:1010230 telecomms:1006986 turkey:1009063 ukireland:1009064 wallstreetjournal:1006968 washingtonpost:1005922 westnews:1009070 wlitshell:10000365 wma:10000228 wpsa:1007566 wwd:1008717</diagnosticMessage>
        <diagnosticMessage>Subscribed databases (codes and IDs) are: Academic databases - 20drama:1008836 abidateline:1007139 abiglobal:1000001 abitrade:1007133 accountingtaxbanking:10000231 africannews:1007059 agriculturejournals:1007160 americanperiodicals:10000019 anz:1009046 anznews:1007061 artshumanities:1000277 asianeuropeanbusiness:10000236 asianews:1007060 assia:1007429 avon:1009174 aws:1008818 biologicalscijournals:1007856 britishperiodicals:10000001 canadiannews:1007330 career:10000026 cbcacomplete:10000023 cbs60m:1009241 chicagotribune:1005635 compscijour:1008043 conteurope:1009048 coronavirus:1009903 criminaljusticeperiodicals:1007025 eaasdb:1009715 eas:1010553 eastcentraleurope:1009050 eastsouthasia:1009049 ebookcentral1:1009388 education:1007161 eebo:1009636 engindex:10000353 engineeringjournals:1007853 eric:1007399 esdb:1009714 europeannews:1007062 familyhealth:1006520 globalwires:1009054 healthcompleteshell:10000155 healthmanagement:1006481 hightechjournals:1007852 hispanicnews:1009047 hnpnewyorktimes:1007155 hnppennsylvaniacollection:1009887 hnpphiladelphiainquirer:1009157 hnppittsburghpostgazette:1009159 ibss:1007409 indianjournals:10000204 latimes:1005692 latinamericaiberian:1009056 latinamericanews1:1009057 latx:1010284 libraryscience:1006545 linguistics:1009059 lisa:1007519 litcollectioneawso:1009776 litcollectionlittheory:1010514 llba:1007521 marketresearch:10000239 materialsscijournals:1007851 medline:1007527 middleeastafrica:1009060 middleeastnews:1006075 midwestnews1:1009067 military:1007156 msindex:10000352 nahs:1007107 ncjrs:1007535 northcentralnews:1009065 northeastnews1:1009068 nytimes:1005701 pais:10000017 physicaleducation:1007555 pilots:1007557 policyfile:1009062 politicalscience:1005684 pqdtglobal1:1010268 pqdtlocal1006887:1006887 pqrl:10000025 psychology:1007106 publiccontent:1009240 publichealth:1007617 religion:1005641 rsa:1010010 sciencejournals:1000283 socabs:1007480 socialservices:1007485 sociology:1005683 socscijournals:1007200 southcentralnews:1009066 southeastnews:1009069 tdmstudiounl:1010230 telecomms:1006986 turkey:1009063 ukireland:1009064 wallstreetjournal:1006968 washingtonpost:1005922 westnews:1009070 wlitshell:10000365 wma:10000228 wpsa:1007566 wwd:1008717; </diagnosticMessage>
        <diagnosticMessage>XML Gateway software version: 2024.11.0.1605, dated 2024-10-31</diagnosticMessage>
        <diagnosticMessage>Execution time: authentication 0.0s; search 0.3s; retrieval 0.0s; total 0.3s</diagnosticMessage>
        <resultCountForDatabase>
            <databaseId>1005641</databaseId>
            <databaseCode>religion</databaseCode>
            <databaseName>Religion Database</databaseName>
            <numberOfRecords>1</numberOfRecords>
        </resultCountForDatabase>
        <resultCountForDatabase>
            <databaseId>10000025</databaseId>
            <databaseCode>pqrl</databaseCode>
            <databaseName>Research Library</databaseName>
            <numberOfRecords>7</numberOfRecords>
        </resultCountForDatabase>
    </zs:extraResponseData>
</zs:searchRetrieveResponse>